% This file was created with JabRef 2.8.1.
% Encoding: ISO8859_1

@ARTICLE{agrawal83,
  author = {Agrawal, V. and Dey, A.},
  title = {Orthogonal resolution-IV designs for some asymmetrical factorials},
  journal = {Technometrics},
  year = {1983},
  volume = {25},
  pages = {197-199},
  number = {2}
}

@ARTICLE{ankenman99,
  author = {Ankenman, B.E.},
  title = {Design of experiments with two- and four-level factors},
  journal = {J. Quality Technology},
  year = {1999},
  volume = {31},
  pages = {363-375}
}

@BOOK{bai08,
  title = {Design of Comparative Experiments},
  publisher = {Cambridge University Press},
  year = {2008},
  author = {Bailey, R.A.},
  series = {Cambridge Series in Statistical and Probabilistic Mathematics},
  owner = {hmonod},
  timestamp = {2012.07.07}
}

@ARTICLE{bailey85,
  author = {Bailey, R.A.},
  title = {Factorial Design and Abelian groups},
  journal = {Linear Algebra Appl.},
  year = {1985},
  volume = {70},
  number = {349-368}
}

@ARTICLE{bailey81,
  author = {Bailey, R.A.},
  title = {A unified approach to design of experiments},
  journal = {J. Roy. Statist. Soc. A},
  year = {1981},
  volume = {144},
  pages = {214-223},
  number = {2}
}

@ARTICLE{bailey83,
  author = {Bailey, R.A. and Praeger, C.E. and Rowley, C.A. and Speed, T.P.},
  title = {Generalized wreath products of permutation groups},
  journal = {Proc. London Math. Soc.},
  year = {1983},
  volume = {47},
  number = {69-82}
}

@BOOK{boxhun78,
  title = {Statistics for Experimenters},
  publisher = {Wiley},
  year = {1978},
  author = {Box, G.E.P. and Hunter, W.G. and Hunter, J.S.},
  owner = {hmonod},
  timestamp = {2012.09.24}
}

@ARTICLE{brouillaud94,
  author = {Brouillaud-Delattre, A. and Kobilinsky, A. and Cerf, O.},
  title = {M\'ethode de mesure de l'efficacit\'e des proc\'ed\'es de nettoyage
	et de d\'esinfection des surfaces ouvertes},
  journal = {Lait},
  year = {1994},
  volume = {74},
  number = {79-88}
}

@ARTICLE{cliquet94,
  author = {Cliquet, S. and Durier, C. and Kobilinsky, A.},
  title = {Principle of a fractional factorial design for qualitative and quantitative
	factors: application to the production of \emph{{Bradyrhizobium}
	japonicum} in culture media},
  journal = {Agronomie},
  year = {1994},
  volume = {14},
  pages = {569-587}
}

@ARTICLE{coumon11,
  author = {Courcoul, A. and Monod, H. and Nielen, M. and Klinkenberg, D. and
	Hogerwerf, L. and Beaudeau, F. and Vergu, E.},
  title = {Modelling the effect of heterogeneity of shedding on the within herd
	\emph{{C}oxiella burnetii} spread and identification of key parameters
	by sensitivity analysis},
  journal = {Journal of Theoretical Biology},
  year = {2011},
  volume = {284},
  pages = {130-141},
  doi = {10.1016/j.jtbi.2011.06.017}
}

@ARTICLE{edmond93,
  author = {Edmondson, R.N.},
  title = {Systematic row-and-column designs balanced for low order polynomial
	interactions between rows and columns},
  journal = {J. R. Statist. Soc. B},
  year = {1993},
  volume = {55},
  pages = {707-723}
}

@ARTICLE{edmond91,
  author = {Edmondson, R.N.},
  title = {Agricultural response surface experiments based on four-level factorial
	designs},
  journal = {Biometrics},
  year = {1991},
  volume = {47},
  pages = {1435-1448}
}

@PHDTHESIS{elmossadeq93,
  author = {El Mossadeq, A.},
  title = {Construction des fractions r\'eguli\`eres de plans d'exp\'eriences
	factoriels},
  school = {Thèse d'\'{E}tat de l'Universit\'e de Pau et des pays de l'Adour},
  year = {1993}
}

@ARTICLE{franklin85,
  author = {Franklin, M.F.},
  title = {Selecting defining contrasts and confounded effects in $p^{n-m}$
	factorial experiments},
  journal = {Technometrics},
  year = {1985},
  volume = {27},
  pages = {165-172}
}

@ARTICLE{franklin77,
  author = {Franklin, M.F. and Bailey, R.A.},
  title = {Selection of Defining Contrasts and Confounded Effects in Two-level
	Experiments},
  journal = {Appl. Statist.},
  year = {1977},
  volume = {26},
  pages = {No. 3, 321-326}
}

@ARTICLE{fries,
  author = {Fries, A. and Hunter, W.G.},
  title = {Minimum aberration $2^{k-p}$ designs},
  journal = {Technometrics},
  year = {1980},
  volume = {22},
  pages = {601-608}
}

@INCOLLECTION{kobiasu97,
  author = {Kobilinsky, A.},
  title = {Les plans factoriels},
  booktitle = {Plans d'exp\'eriences: applications \`a l'entreprise},
  publisher = {Technip, Paris},
  year = {1997},
  editor = {Droesbeke, J.J. and Fine, J. and Saporta, G.},
  pages = {69-209 (Chapter 3)}
}

@TECHREPORT{kobi05,
  author = {Kobilinsky, A.},
  title = {{PLANOR} : program for the automatic generation of regular experimental
	designs. Version 2.2 for {Windows}},
  institution = {MIA Unit, INRA Jouy en Josas},
  year = {2005}
}

@UNPUBLISHED{kobi94,
  author = {Kobilinsky, A.},
  title = {Automatic generation of asymmetrical regular designs},
  note = {Internal document},
  year = {1994},
  location = {Unité MIA, INRA Jouy en Josas, France}
}

@ARTICLE{kobi90,
  author = {Kobilinsky, A.},
  title = {Complex linear models and cyclic designs},
  journal = {Linear Algebra and Applications},
  year = {1990},
  volume = {127},
  pages = {227-282}
}

@UNPUBLISHED{kobi89,
  author = {Kobilinsky, A.},
  title = {Randomization of a cartesian block structure},
  note = {Internal document},
  year = {1989},
  location = {Unité MIA, INRA Jouy en Josas, France}
}

@ARTICLE{kobi85,
  author = {Kobilinsky, A.},
  title = {Orthogonal factorial designs for quantitative factors},
  journal = {Statist. Decisions Suppl.},
  year = {1985},
  volume = {2},
  pages = {275-285}
}

@ARTICLE{kobbai12,
  author = {Kobilinsky, A. and Bailey, R.A. and Monod, H.},
  title = {Automatic generation of generalised regular factorial designs},
  journal = {In prep.},
  year = {2012},
  volume = {x},
  pages = {x},
  owner = {hmonod},
  timestamp = {2012.09.19}
}

@TECHREPORT{kobi11,
  author = {Kobilinsky, A. and Bouvier, A. and Monod, H.},
  title = {{PLANOR} : an {R} library for the automatic generation of regular
	fractional factorial designs. {V}ersion 1.0},
  institution = {MIA Unit, INRA Jouy en Josas},
  year = {2011}
}

@INCOLLECTION{kobifliss95,
  author = {Kobilinsky, A. and Fliss, M. and Carpentier, B.},
  title = {M\'ethodes et exemples de construction de plans factoriels fractionnaires},
  booktitle = {Strat\'egie exp\'erimentale et proc\'ed\'es biotechnologiques},
  publisher = {Lavoisier},
  year = {1995},
  editor = {GFGP},
  volume = {9},
  number = {36},
  series = {R\'ecents progr\`es en g\'enie des proc\'ed\'es},
  pages = {19-28}
}

@ARTICLE{kobimonod94,
  author = {Kobilinsky, A. and Monod, H.},
  title = {Juxtaposition of regular factorial designs and the complex linear
	model},
  journal = {Scand. J. Statist},
  year = {1995},
  volume = {22},
  pages = {223-254}
}

@ARTICLE{kobimonod91,
  author = {Kobilinsky, A. and Monod, H.},
  title = {Experimental design generated by group morphisms: an introduction},
  journal = {Scand. J. Statist.},
  year = {1991},
  volume = {18},
  pages = {119-134}
}

@INPROCEEDINGS{sweave02,
  author = {Friedrich Leisch},
  title = {Sweave: Dynamic Generation of Statistical Reports Using Literate
	Data Analysis},
  booktitle = {Compstat 2002 --- Proceedings in Computational Statistics},
  year = {2002},
  editor = {Wolfgang H{\"a}rdle and Bernd R{\"o}nz},
  pages = {575--580},
  publisher = {Physica Verlag, Heidelberg},
  note = {ISBN 3-7908-1517-9},
  url = {http://www.stat.uni-muenchen.de/~leisch/Sweave}
}

@ARTICLE{lurtou09,
  author = {A. Lurette and S. Touzeau and M. Lamboni and H. Monod},
  title = {Sensitivity analysis to identify key parameters influencing \emph{Salmonella}
	infection dynamics in a pig batch},
  journal = {Journal of Theoretical Biology},
  year = {2009},
  volume = {258},
  pages = {43-52},
  number = {1},
  doi = {10.1016/j.jtbi.2009.01.026},
  fjournal = {Journal of Theoretical Biology},
  keywords = {epidemiological model, parameter uncertainty and variability, dynamic
	output, seroprevalence, analysis of variance},
  langue = {#ENG#}
}

@ARTICLE{margolin,
  author = {Margolin, B.H.},
  title = {Resolution IV fractional factorial designs},
  journal = {J. Roy. Statist.Soc. Ser. B},
  year = {1969},
  volume = {31},
  pages = {514-523}
}

@BOOK{mclean84,
  title = {Applied factorial and fractional designs},
  publisher = {Marcel Dekker},
  year = {1984},
  author = {McLean, R.A. and Anderson, V.L.},
  location = {New York}
}

@BOOK{montgomery97,
  title = {Design and analysis of experiments},
  publisher = {John Wiley \& Sons},
  year = {19997},
  author = {Montgomery, D.C.},
  edition = {4},
  location = {New York}
}

@ARTICLE{patterson78,
  author = {Patterson, H.D. and Bailey, R.A.},
  title = {Design keys for factorial experiments},
  journal = {Appl. Statist.},
  year = {1978},
  volume = {27},
  pages = {335-343}
}

@ARTICLE{pisrog08,
  author = {G. Pistone and M.-P. Rogantin},
  title = {Indicator function and complex coding for mixed fractional factorial
	designs},
  journal = {Journal of Statistical Planning and Inference},
  year = {2008},
  volume = {138},
  pages = {787 - 802},
  number = {3},
  doi = {10.1016/j.jspi.2007.02.007},
  issn = {0378-3758},
  keywords = {Algebraic statistics},
  url = {http://www.sciencedirect.com/science/article/pii/S0378375807000638}
}

@INCOLLECTION{NBS57,
  author = {National Bureau of Standards},
  booktitle = {Fractional Factorial Experiment Designs for Factors at Two Levels},
  year = {1957},
  volume = {48},
  series = {Applied Mathematics Series},
  note = {Reproduced in the book by McLean and Anderson}
}

@ARTICLE{voss93,
  author = {Voss, D.T.},
  title = {Comparing the classes of single replicate generalized cyclic factorial
	designs with and without pseudofactors},
  journal = {J. Statist. Plann. Inference},
  year = {1993},
  volume = {35},
  pages = {113-120}
}

@ARTICLE{voss88,
  author = {Voss, D.T.},
  title = {Single-generator generalized cyclic factorial designs as pseudofactor
	designs},
  journal = {Annals of Statistics},
  year = {1988},
  volume = {16},
  pages = {1723-1726}
}

